%% This BibTeX bibliography file was created using BibDesk.
%% http://bibdesk.sourceforge.net/
%% Created for Alessio Gambi at 2019-10-24 12:49:40 +0200 
%% Saved with string encoding Unicode (UTF-8) 
@misc{springioc, 
    title = {Introduction to the Spring IoC Container and Beans},
    note = {\url{https://docs.spring.io/spring-framework/reference/core/beans/introduction.html} (besucht am 15.08.2023)},
    urldate = {2023-08-15}
}

@misc{springboot, 
    title = {Spring Boot Overview},
    note = {\url{https://spring.io/projects/spring-boot#overview} (besucht am 15.08.2023)},
    urldate = {2023-08-15}
}

@misc{thymeleaf, 
    title = {Thymeleaf - Tutorial: Using Thymeleaf},
    note = {\url{https://www.thymeleaf.org/doc/tutorials/3.1/usingthymeleaf.html} (besucht am 15.08.2023)},
    urldate = {2023-08-15}
}

@misc{thymeleafspring, 
    title = {Thymeleaf - Tutorial: Thymeleaf + Spring},
    note = {\url{https://www.thymeleaf.org/doc/tutorials/3.1/thymeleafspring.html} (besucht am 15.08.2023)},
    urldate = {2023-08-15}
}

@misc{drkwasserwacht, 
    title = {DRK Wasserwacht - Ãœber uns},
    note = {\url{https://www.drk.de/wasserwacht/ueber-uns/} (besucht am 05.01.2024)},
    urldate = {2024-01-05}
}

@misc{drkwasserwachtangebote, 
    title = {DRK Wasserwacht - Angebote},
    note = {\url{https://www.drk.de/wasserwacht/angebote/} (besucht am 05.01.2024)},
    urldate = {2024-01-05}
}

@misc{brkwasserwacht, 
    title = {BRK Wasserwacht},
    note = {\url{https://www.brk.de/wasserwacht.html} (besucht am 05.01.2024)},
    urldate = {2024-01-05}
}

@article{almeida2017role,
  title={The Role of Responsive Design in Web Development.},
  author={Almeida, Fernando and Monteiro, Jos{\'e}},
  journal={Webology},
  volume={14},
  number={2},
  year={2017}
}

@book{kadlec2012implementing,
  title={Implementing Responsive Design: Building sites for an anywhere, everywhere web},
  author={Kadlec, Tim},
  year={2012},
  publisher={New Riders}
}

@misc{activeweb, 
    title = {Responsive design provides the best user experience},
    note = {\url{https://www.activewebgroup.com/responsive-design-provides-best-user-experience/} (besucht am 05.01.2024)},
   author={Choi},
   urldate = {2024-01-05}
}

@misc{twitterbootstrap, 
    title = {Building Twitter Bootstrap},
    note = {\url{https://alistapart.com/article/building-twitter-bootstrap/} (besucht am 05.01.2024)},
   author={Mark Otto},
   urldate = {2024-01-05}
}

@book{spurlock2013bootstrap,
  title={Bootstrap: responsive web development},
  author={Spurlock, Jake},
  year={2013},
  publisher={O'Reilly Media, Inc.}
}

@misc{bootstrapgrid, 
    title = {Bootstrap - Grid system},
    note = {\url{https://getbootstrap.com/docs/5.3/layout/grid/} (besucht am 05.01.2024)},
   urldate = {2024-01-05}
}

@misc{bootstrapjs, 
    title = {Bootstrap - Javascript},
    note = {\url{https://getbootstrap.com/docs/4.6/getting-started/javascript/} (besucht am 05.01.2024)},
   urldate = {2024-01-05}
}

@misc{postgres, 
    title = {Postgres - About},
    note = {\url{https://www.postgresql.org/about/} (besucht am 05.01.2024)},
   urldate = {2024-01-05}
}

@misc{springdatajpa, 
    title = {Spring Dta JPA},
    note = {\url{https://spring.io/projects/spring-data-jpa/} (besucht am 05.01.2024)},
   urldate = {2024-01-05}
}

@misc{springdatajpaentities, 
    title = {Spring Dta JPA - Persisting Entities},
    note = {\url{https://docs.spring.io/spring-data/jpa/reference/jpa/entity-persistence.html} (besucht am 05.01.2024)},
   urldate = {2024-01-05}
}

@misc{weatherapi, 
    title = {Visual Crossing - Weather API},
    note = {\url{https://www.visualcrossing.com/weather-api/} (besucht am 05.01.2024)},
   urldate = {2024-01-05}
}

@misc{scalosoftjava, 
    title = {When and Why Use Java in Web Development?},
    note = {\url{https://www.scalosoft.com/blog/when-and-why-use-java-in-web-development/} (besucht am 05.01.2024)},
   urldate = {2024-01-05}
}

@misc{figma, 
    title = {Figma - Prototyping},
    note = {\url{https://www.figma.com/de/prototyping/} (besucht am 05.01.2024)},
   urldate = {2024-01-05}
}

@misc{nielsen, 
    title = {Usability 101: Introduction to Usability},
    note = {\url{https://www.nngroup.com/articles/usability-101-introduction-to-usability/} (besucht am 05.01.2024)},
   author = {Jakob Nielsen},
   urldate = {2024-01-05}
}